@online{google_maps,
    author = {Google Inc.},
    title = {Google Maps},
    url = {https://maps.google.com/}
}